<?xml version="1.0" encoding="utf-8"?>
<record xmlns="http://www.loc.gov/MARC21/slim">
   <leader>01074cas a2200385 a 4500</leader>
   <controlfield tag="001">9910106754502931</controlfield>
   <controlfield tag="008">940425c19879999gauwr pe      0    0eng d</controlfield>
   <datafield ind1=" " ind2=" " tag="010">
      <subfield code="a">sn94029049</subfield>
   </datafield>
   <datafield ind1=" " ind2=" " tag="040">
      <subfield code="a">GUA</subfield>
      <subfield code="b">eng</subfield>
      <subfield code="c">GUA</subfield>
      <subfield code="d">GUA</subfield>
   </datafield>
   <datafield ind1=" " ind2=" " tag="042">
      <subfield code="a">lcd</subfield>
   </datafield>
   <datafield ind1="1" ind2="4" tag="245">
      <subfield code="a">Flagpole.</subfield>
   </datafield>
   <datafield ind1="3" ind2="0" tag="246">
      <subfield code="a">Flagpole magazine</subfield>
   </datafield>
   <datafield ind1=" " ind2=" " tag="260">
      <subfield code="a">Athens, Ga. :</subfield>
      <subfield code="b">Flagpole, Inc.</subfield>
   </datafield>
   <datafield ind1=" " ind2=" " tag="300">
      <subfield code="a">v.</subfield>
   </datafield>
   <datafield ind1=" " ind2=" " tag="310">
      <subfield code="a">Weekly</subfield>
   </datafield>
   <datafield ind1="0" ind2=" " tag="362">
      <subfield code="a">Began with: Vol. 1, no. 1 in 1987.</subfield>
   </datafield>
   <datafield ind1=" " ind2=" " tag="752">
      <subfield code="a">United States</subfield>
      <subfield code="b">Georgia</subfield>
      <subfield code="c">Clarke</subfield>
      <subfield code="d">Athens.</subfield>
   </datafield>
</record>
